@misc{EnergifonsterDinbyggare.se,
    title = {{Energif{\"{o}}nster - Bra tips om u-v{\"{a}}rde p{\aa} f{\"{o}}nster | dinbyggare.se}},
    url = {https://www.dinbyggare.se/energifonster-isoleringen-i-fonstret-anges-av-u-vardet/}
}